Quarter,Sales
Q2/07,0.27
Q3/07,1.119
Q4/07,2.315
Q1/08,1.703
Q2/08,0.717
Q3/08,6.892
Q4/08,4.363
Q1/09,3.793
Q2/09,5.208
Q3/09,7.367
Q4/09,8.737
Q1/10,8.752
Q2/10,8.398
Q3/10,14.102
Q4/10,16.235
Q1/11,18.647
Q2/11,20.338
Q3/11,17.073
Q4/11,37.044
Q1/12,35.064
Q2/12,26.028
Q3/12,26.91
Q4/12,47.789
Q1/13,37.43
Q2/13,31.241
Q3/13,33.797
Q4/13,51.025
Q1/14,43.719
Q2/14,35.203
Q3/14,39.272
Q4/14,74.468
Q1/15,61.17
Q2/15,47.534
Q3/15,48.05
Q4/15,74.78
Q1/16,51.2
